<?xml version="1.0" encoding="UTF-8"?><collection xmlns="http://www.loc.gov/MARC21/slim"><record><leader>00395nam--2200121-i-4500</leader><controlfield tag="001">000028778</controlfield><controlfield tag="002">20161230</controlfield><controlfield tag="005">20161230201037</controlfield><controlfield tag="008">060222s1000------------r-----000-0-eng-d</controlfield><datafield ind1=" " ind2=" " tag="100"><subfield code="a">Tourneux Jean Le</subfield></datafield><datafield ind1=" " ind2=" " tag="245"><subfield code="a">Effect of the dipole-quadrupole interaction on the width and the structure of the gigant diple line in spherical nuclei</subfield></datafield><datafield ind1=" " ind2=" " tag="260"><subfield code="a">Kobenhavn, Ejnar Munksgaard, 1965. 27p</subfield></datafield><datafield ind1=" " ind2=" " tag="852"><subfield code="a">22133</subfield></datafield></record></collection>